@article{campbell2022continuous,
  title={A continuous time framework for discrete denoising models},
  author={Campbell, Andrew and Benton, Joe and De Bortoli, Valentin and Rainforth, Thomas and Deligiannidis, George and Doucet, Arnaud},
  journal={Advances in Neural Information Processing Systems},
  volume={35},
  pages={28266--28279},
  year={2022}
}

@article{sutton1999policy,
  title={Policy gradient methods for reinforcement learning with function approximation},
  author={Sutton, Richard S and McAllester, David and Singh, Satinder and Mansour, Yishay},
  journal={Advances in neural information processing systems},
  volume={12},
  year={1999}
}

@article{gradient_bandit,
  title={Simple statistical gradient-following algorithms for connectionist reinforcement learning},
  author={Williams, Ronald J},
  journal={Machine learning},
  volume={8},
  pages={229--256},
  year={1992},
  publisher={Springer}
}